<?xml version="1.0" encoding="UTF-8"?><collection xmlns="http://www.loc.gov/MARC21/slim"><record><leader>00609nam--2200133-i-4500</leader><controlfield tag="001">000009760</controlfield><controlfield tag="002">20161230</controlfield><controlfield tag="005">20161230201028</controlfield><controlfield tag="008">060222s1000------------r-----000-0-eng-d</controlfield><datafield ind1=" " ind2=" " tag="080"><subfield code="a">541:530.145:547.7/8:577.1:061.3</subfield></datafield><datafield ind1=" " ind2=" " tag="245"><subfield code="a">The jerusalem symposia on quantum chemistry an d biochemistry. vol.ii: quantum aspects of het erocyclic cmpounds in chemistry and biochemist ru. proceedings of an international symposiium held in jerusalem, 21-25 oct., 1968, 31 march</subfield></datafield><datafield ind1=" " ind2=" " tag="260"><subfield code="a">Jerusalem, The Israel Academy Of Sciences And Humanities, 1970 438 P</subfield></datafield><datafield ind1=" " ind2=" " tag="700"><subfield code="a">Bergmann, Ernst D.And Pullman, Bernard</subfield></datafield><datafield ind1=" " ind2=" " tag="852"><subfield code="a">35251</subfield></datafield></record></collection>